% Encoding: UTF-8

@Misc{ineplasticos,
  Title                    = {Situaci\'{o}n de los envases pl\'{a}sticos en {M}\'{e}xico},

  Author                   = {Arturo Crist\'{a}n-Fr\'{i}as and Irina Ize-Lema and Arturo Gavil\'{a}n-Garc\'{i}a},
  note             = {\url{https://conacic.siycise.org/index.php/contribuciones}},
  Year                     = {2003}
}

@Misc{Linear-Classification,
  Title                    = {Linear Classification - Practical Data Science},
  Author                   = {datasciencecourse.org},
  note             = {\url{http://www.datasciencecourse.org/notes/linear_classification/}}
}

@Misc{Linear-Classification-Loss,
Author = {{Stanford}},
howpublished = {\url{http://vision.stanford.edu/teaching/cs231n-demos/linear-classify/}},
title = {{Linear Classification Loss Visualization - Stanford Vision Lab}},
}


